@INPROCEEDINGS{Ahn01competitivefacility,
    author = {Hee-kap Ahn and Siu-Wing Cheng and Otfried Cheong and Mordecai Golin and René van Costrum},
    title = {Competitive Facility Location along a Highway},
    booktitle = {In 7th Annual International Computing and Combinatorics Conference, volume 2108 of LNCS},
    year = {2001},
    pages = {237--246}
}

@INPROCEEDINGS{Durr07nashequilibria,
    author = {Christoph D\"urr and Nguyen Kim Thang},
    title = {Nash Equilibria in Voronoi Games on Graphs},
    booktitle = {In Proceedings of the 15th European Symposium on Algorithms (ESA},
    year = {2007},
    pages = {17--28}
}

@MISC{Teramoto06voronoigame,
    author = {Sachio Teramoto and Erik Demaine and Ryuhei Uehara},
    title = {Voronoi game on graphs and its complexity},
    year = {2006}
}

@MISC{Ahn03competitivefacility,
    author = {Hee-kap Ahn and Siu-Wing Cheng and Otfried Cheong and Mordecai Golin and Rene Van Oostrum},
    title = {Competitive Facility Location: The Voronoi Game},
    year = {2003}
}
@MISC{peertopeerbotnets,
    author = {Joseph Montgomery},
    title = {Peer-to-Peer Botnets Taking Over the New Voronoi- Overlay},
    year = {2010}
}
@book{Nisan:2007:AGT:1296179,
 author = {Nisan, Noam and Roughgarden, Tim and Tardos, Eva and Vazirani, Vijay V.},
 title = {Algorithmic Game Theory},
 year = {2007},
 isbn = {0521872820},
 publisher = {Cambridge University Press},
 address = {New York, NY, USA},
} 

@INPROCEEDINGS{Cooke05thezombie,
    author = {Evan Cooke and Farnam Jahanian and Danny Mcpherson},
    title = {The Zombie Roundup: Understanding, Detecting, and Disrupting Botnets},
    booktitle = {},
    year = {2005},
    pages = {39--44}
}
@INPROCEEDINGS{Aronov98facilitylocation,
    author = {Boris Aronov and Marc van Kreveld and René van Oostrum and Kasturi Varadarajan},
    title = {Facility location on terrains},
    booktitle = {PROC. 9TH INTERNATIONAL SYMPOSIUM OF ALGORITHMS AND COMPUTATION, VOLUME 1533 OF LECTURE NOTES COMPUT. SCI},
    year = {1998},
    publisher = {Springer-Verlag}
}
@inproceedings{Hu:2004:SPN:1016540.1016552,
 author = {Hu, Shun-Yun and Liao, Guan-Ming},
 title = {Scalable peer-to-peer networked virtual environment},
 booktitle = {Proceedings of 3rd ACM SIGCOMM workshop on Network and system support for games},
 series = {NetGames '04},
 year = {2004},
 isbn = {1-58113-942-X},
 location = {Portland, Oregon, USA},
 pages = {129--133},
 numpages = {5},
 url = {http://doi.acm.org/10.1145/1016540.1016552},
 doi = {http://doi.acm.org/10.1145/1016540.1016552},
 acmid = {1016552},
 publisher = {ACM},
 address = {New York, NY, USA},
 keywords = {Voronoi diagram, interest management, massively multiplayer (MMP), networked virtual environment (NVE), peer-to-peer (P2P), scalability},
} 

@INPROCEEDINGS{Devanur05priceof,
    author = {Nikhil Devanur and Naveen Garg and Rohit Khandekar and Vinayaka Pandit and Amin Saberi and Vijay Vazirani},
    title = {Price of anarchy, locality gap, and a network service provider game},
    booktitle = {IN PROC. OF WINE 2005, LNCS 3828},
    year = {2005},
    pages = {1046--1055},
    publisher = {}
}
@inproceedings{DBLP:conf/waim/ZhengH05,
  author    = {Jun Zheng and
               Ming-Zeng Hu},
  title     = {Intrusion Detection of DoS/DDoS and Probing Attacks for
               Web Services},
  booktitle = {WAIM},
  year      = {2005},
  pages     = {333-344},
  ee        = {http://dx.doi.org/10.1007/11563952_30},
  crossref  = {DBLP:conf/waim/2005},
  bibsource = {DBLP, http://dblp.uni-trier.de}
}

@INPROCEEDINGS{Peng03protectionfrom,
    author = {Tao Peng and Christopher Leckie and Kotagiri Ramamohanarao},
    title = {Protection from Distributed Denial of Service Attack Using History-based IP Filtering},
    booktitle = {},
    year = {2003},
    pages = {482--486}
}
